<record><leader>00000cas a2200000 a 4500</leader><controlfield tag="001">10668796</controlfield><controlfield tag="008">840426d19872001azudr ne      0   a0eng c</controlfield><datafield ind1=" " ind2=" " tag="010"><subfield code="a">sn 90005060 </subfield></datafield><datafield ind1=" " ind2=" " tag="040"><subfield code="a">ATM</subfield><subfield code="b">eng</subfield><subfield code="c">ATM</subfield><subfield code="d">NSD</subfield><subfield code="d">ANN</subfield><subfield code="d">DLC</subfield><subfield code="d">ANN</subfield><subfield code="d">DLC</subfield><subfield code="d">OCLCQ</subfield><subfield code="d">OCLCF</subfield><subfield code="d">OCLCO</subfield></datafield><datafield ind1=" " ind2=" " tag="012"><subfield code="m">y</subfield></datafield><datafield ind1="1" ind2=" " tag="022"><subfield code="a">1048-2237</subfield><subfield code="l">1048-2237</subfield><subfield code="y">0893-343X</subfield><subfield code="2">1</subfield></datafield><datafield ind1="1" ind2=" " tag="029"><subfield code="a">AU@</subfield><subfield code="b">000020580557</subfield></datafield><datafield ind1=" " ind2=" " tag="032"><subfield code="a">698720</subfield><subfield code="b">USPS</subfield></datafield><datafield ind1=" " ind2=" " tag="037"><subfield code="a">The Sun Printing Co., 2055 Arizona Ave., Yuma, AZ 85364</subfield></datafield><datafield ind1=" " ind2=" " tag="042"><subfield code="a">nsdp</subfield><subfield code="a">pcc</subfield></datafield><datafield ind1=" " ind2=" " tag="043"><subfield code="a">n-us-az</subfield></datafield><datafield ind1="0" ind2="0" tag="050"><subfield code="a">Newspaper</subfield></datafield><datafield ind1=" " ind2=" " tag="092"><subfield code="a">071</subfield><subfield code="b">Y95</subfield></datafield><datafield ind1=" " ind2="4" tag="222"><subfield code="a">The Yuma daily sun</subfield></datafield><datafield ind1="0" ind2="4" tag="245"><subfield code="a">The Yuma daily sun.</subfield></datafield><datafield ind1="1" ind2=" " tag="246"><subfield code="i">Sunday issues &lt;Jan. 5, 1997-Sept. 26, 1999&gt; published with title:</subfield><subfield code="a">Sunday sun</subfield></datafield><datafield ind1="1" ind2=" " tag="246"><subfield code="i">Includes:</subfield><subfield code="a">Winter visitor</subfield><subfield code="f">&lt;1973-1987&gt;</subfield></datafield><datafield ind1="1" ind2=" " tag="246"><subfield code="i">Includes:</subfield><subfield code="a">Destination Yuma</subfield><subfield code="f">&lt;1975-1987&gt;</subfield></datafield><datafield ind1=" " ind2=" " tag="260"><subfield code="a">Yuma, Ariz. :</subfield><subfield code="b">Sun Printing Co.,</subfield><subfield code="c">1987-</subfield></datafield><datafield ind1=" " ind2=" " tag="300"><subfield code="a">v. :</subfield><subfield code="b">ill. ;</subfield><subfield code="c">58 cm.</subfield></datafield><datafield ind1=" " ind2=" " tag="310"><subfield code="a">Daily</subfield></datafield><datafield ind1="0" ind2=" " tag="362"><subfield code="a">85th year, 277 issue = 116th year, 123rd issue (Nov. 3, 1987)-105th year, 110th issue = 129th year, 142nd issue (July 29, 2001).</subfield></datafield><datafield ind1=" " ind2="0" tag="651"><subfield code="a">Yuma (Ariz.)</subfield><subfield code="v">Newspapers.</subfield></datafield><datafield ind1=" " ind2="0" tag="651"><subfield code="a">Yuma County (Ariz.)</subfield><subfield code="v">Newspapers.</subfield></datafield><datafield ind1=" " ind2="7" tag="655"><subfield code="a">Newspapers.</subfield><subfield code="2">fast</subfield><subfield code="0">(OCoLC)fst01423814</subfield></datafield><datafield ind1=" " ind2="7" tag="651"><subfield code="a">Arizona</subfield><subfield code="z">Yuma.</subfield><subfield code="2">fast</subfield><subfield code="0">(OCoLC)fst01213905</subfield></datafield><datafield ind1=" " ind2="7" tag="651"><subfield code="a">Arizona</subfield><subfield code="z">Yuma County.</subfield><subfield code="2">fast</subfield><subfield code="0">(OCoLC)fst01214073</subfield></datafield><datafield ind1=" " ind2=" " tag="752"><subfield code="a">United States</subfield><subfield code="b">Arizona</subfield><subfield code="c">Yuma</subfield><subfield code="d">Yuma.</subfield></datafield><datafield ind1="0" ind2="0" tag="780"><subfield code="t">Yuma daily sun and Arizona sentinel</subfield><subfield code="x">0893-343X</subfield><subfield code="w">(DLC)sn 87062109</subfield><subfield code="w">(OCoLC)15337492</subfield></datafield><datafield ind1="0" ind2="0" tag="785"><subfield code="t">Sun (Yuma, Ariz.)</subfield><subfield code="w">(DLC)sn2001060098</subfield><subfield code="w">(OCoLC)47732086</subfield></datafield></record>